@article{vuln_stat,
	title={25+ cyber security vulnerability statistics and facts of 2022},
	author={Aimee O'Driscoll},
	year={2022},
	publisher={camparitech}
	url={https://www.comparitech.com/blog/information-security/cybersecurity-vulnerability-statistics/}
}

@article{li2018fuzzing,
  title={Fuzzing: a survey},
  author={Li, Jun and Zhao, Bodong and Zhang, Chao},
  journal={Cybersecurity},
  volume={3},
  number={3},
  pages={1--13},
  year={2018},
  publisher={SpringerOpen}
}

